@Article{basgal19,
  author={Marco Bassetto and Carlo Galli},
  title={{Is Inflation Default? The Role of Information in Debt Crises}},
  journal={American Economic Review},
  year=2019,
  volume={109},
  number={10},
  pages={3556-3584},
}
