@TechReport{galli20,
  author={Carlo Galli},
  title={Inflation, Default Risk and Nominal Debt},
  year=2020,
  month=Feb,
  institution={UCL},
  type={Working Paper},
  url={},
}