@article{basgal19,
  Author = {Bassetto, Marco and Galli, Carlo},
  Title = {Is Inflation Default? The Role of Information in Debt Crises},
  Journal = {American Economic Review},
  Volume = {109},
  Number = {10},
  Year = {2019},
  Month = {October},
  Pages = {3556-84},
  DOI = {10.1257/aer.20170721},
  URL = {https://www.aeaweb.org/articles?id=10.1257/aer.20170721}
}