@unpublished{galgui24,
  author={Galli, Carlo and Guibaud, St{\'e}phane},
  title={The Aggregation Dilemma: How Best to Restructure Sovereign Bonds},
  year=2024,
  note={\url{https://carlogalli.github.io/galliguibaud-draft.pdf}},
}