@unpublished{galli20,
  author={Carlo Galli},
  title={Inflation, Default Risk and Nominal Debt},
  year=2020,
  note={\url{https://carlogalli.github.io/files/Galli_JMP.pdf}},
}