@unpublished{gabgal23,
  author={Gaballo, Gaetano and Galli, Carlo},
  title={Asset Purchases and Default-Inflation Risks in Noisy Financial Markets},
  year=2023,
  note={\url{https://carlogalli.github.io/gaballogalli-draft.pdf}},
}