@article{galli21,
title = {Self-fulfilling debt crises, fiscal policy and investment},
journal = {Journal of International Economics},
volume = {131},
pages = {103475},
year = {2021},
issn = {0022-1996},
doi = {https://doi.org/10.1016/j.jinteco.2021.103475},
url = {https://www.sciencedirect.com/science/article/pii/S0022199621000520},
author = {Carlo Galli},
keywords = {Self-fulfilling debt crises, Sovereign default, Multiple equilibria, Fiscal austerity},
}